<?xml version="1.0" encoding="UTF-8"?><collection xmlns="http://www.loc.gov/MARC21/slim"><record><leader>00377nam--2200133-i-4500</leader><controlfield tag="001">000033942</controlfield><controlfield tag="002">20161230</controlfield><controlfield tag="005">20161230201039</controlfield><controlfield tag="008">060222s1000------------r-----000-0-eng-d</controlfield><datafield ind1=" " ind2=" " tag="080"><subfield code="a">025.3:681.14:007</subfield></datafield><datafield ind1=" " ind2=" " tag="100"><subfield code="a">Mendelovici, Marius</subfield></datafield><datafield ind1=" " ind2=" " tag="245"><subfield code="a">Inmagazinarea si regasirea informatiilor. echipamente si tipuri de sisteme</subfield></datafield><datafield ind1=" " ind2=" " tag="260"><subfield code="a">Bucuresti, I.D.T., 1972. 336p</subfield></datafield><datafield ind1=" " ind2=" " tag="852"><subfield code="a">37028</subfield></datafield></record></collection>